<?xml version="1.0" encoding="UTF-8"?><record xmlns="http://www.loc.gov/MARC21/slim" xmlns:cinclude="http://apache.org/cocoon/include/1.0" xmlns:zs="http://www.loc.gov/zing/srw/">
  <leader>01064cz  a2200241n  4500</leader>
  <controlfield tag="001">no 00025517 </controlfield>
  <controlfield tag="003">DLC</controlfield>
  <controlfield tag="005">20030320193307.0</controlfield>
  <controlfield tag="008">000411n| acaaaaaa           |a ana     c</controlfield>
  <datafield tag="010" ind1=" " ind2=" ">
    <subfield code="a">no 00025517 </subfield>
  </datafield>
  <datafield tag="035" ind1=" " ind2=" ">
    <subfield code="a">(OCoLC)oca05195340</subfield>
  </datafield>
  <datafield tag="040" ind1=" " ind2=" ">
    <subfield code="a">NjP</subfield>
    <subfield code="b">eng</subfield>
    <subfield code="c">NjP</subfield>
    <subfield code="d">DLC</subfield>
  </datafield>
  <datafield tag="130" ind1=" " ind2="0">
    <subfield code="a">Collana Beni artistici e architettonici di Rivoli</subfield>
  </datafield>
  <datafield tag="430" ind1=" " ind2="0">
    <subfield code="a">Beni artistici e architettonici di Rivoli</subfield>
  </datafield>
  <datafield tag="410" ind1="1" ind2=" ">
    <subfield code="a">Rivoli (Italy).</subfield>
    <subfield code="b">Assessorato cultura.</subfield>
    <subfield code="t">Collana Beni artistici e architettonici di Rivoli</subfield>
  </datafield>
  <datafield tag="642" ind1=" " ind2=" ">
    <subfield code="a">1</subfield>
    <subfield code="5">DPCC</subfield>
    <subfield code="5">DLC</subfield>
    <subfield code="5">NjP</subfield>
  </datafield>
  <datafield tag="643" ind1=" " ind2=" ">
    <subfield code="a">Rivoli, Italy</subfield>
    <subfield code="b">Città di Rivoli</subfield>
  </datafield>
  <datafield tag="643" ind1=" " ind2=" ">
    <subfield code="a">Torino</subfield>
    <subfield code="b">Lindau</subfield>
  </datafield>
  <datafield tag="644" ind1=" " ind2=" ">
    <subfield code="a">f</subfield>
    <subfield code="5">DLC</subfield>
    <subfield code="5">NjP</subfield>
  </datafield>
  <datafield tag="645" ind1=" " ind2=" ">
    <subfield code="a">t</subfield>
    <subfield code="5">DPCC</subfield>
    <subfield code="5">DLC</subfield>
    <subfield code="5">NjP</subfield>
  </datafield>
  <datafield tag="646" ind1=" " ind2=" ">
    <subfield code="a">s</subfield>
    <subfield code="5">DLC</subfield>
    <subfield code="5">NjP</subfield>
  </datafield>
  <datafield tag="670" ind1=" " ind2=" ">
    <subfield code="a">La "Casa del Conte Verde", 1999:</subfield>
    <subfield code="b">ser. t.p. (Collana Beni artistici e architettonici di Rivoli)</subfield>
  </datafield>
  <datafield tag="670" ind1=" " ind2=" ">
    <subfield code="a">Gritella, G. Campanili di Rivoli, c2000:</subfield>
    <subfield code="b">t.p. (Città di Rivoli [shown as publisher]) t.p. verso (Collana Beni artistici e architettonici di Rivoli, a cura dell'Assessorato cultura della Città di Rivoli; lists La "Casa del Conte Verde" as first work)</subfield>
  </datafield>
</record>